<?xml version="1.0" encoding="UTF-8"?><collection xmlns="http://www.loc.gov/MARC21/slim"><record><leader>00397nam--2200133-i-4500</leader><controlfield tag="001">000046560</controlfield><controlfield tag="002">20161230</controlfield><controlfield tag="005">20161230201046</controlfield><controlfield tag="008">060222s1000------------r-----000-0-eng-d</controlfield><datafield ind1=" " ind2=" " tag="080"><subfield code="a">616.07(043)</subfield></datafield><datafield ind1=" " ind2=" " tag="100"><subfield code="a">Vinh,Tho-son</subfield></datafield><datafield ind1=" " ind2=" " tag="245"><subfield code="a">Etude sur la morbidite et la mortalite en chirurgie a l`assistance publique a paris. these</subfield></datafield><datafield ind1=" " ind2=" " tag="260"><subfield code="a">Paris, Faculte Saint Antoine Pari, 1972. 86 P</subfield></datafield><datafield ind1=" " ind2=" " tag="852"><subfield code="a">40719</subfield></datafield></record></collection>